<?xml version="1.0" encoding="UTF-8"?><record xmlns="http://www.loc.gov/MARC21/slim" xmlns:cinclude="http://apache.org/cocoon/include/1.0" xmlns:zs="http://www.loc.gov/zing/srw/">
  <leader>00464cz  a2200133n  4500</leader>
  <controlfield tag="001">n  82253341 </controlfield>
  <controlfield tag="003">DLC</controlfield>
  <controlfield tag="005">20081121075215.0</controlfield>
  <controlfield tag="008">840221n| acannaabn          |n aaa      </controlfield>
  <datafield tag="010" ind1=" " ind2=" ">
    <subfield code="a">n  82253341 </subfield>
  </datafield>
  <datafield tag="035" ind1=" " ind2=" ">
    <subfield code="a">(OCoLC)oca01063911</subfield>
  </datafield>
  <datafield tag="040" ind1=" " ind2=" ">
    <subfield code="a">DLC</subfield>
    <subfield code="b">eng</subfield>
    <subfield code="c">DLC</subfield>
    <subfield code="d">OCoLC</subfield>
  </datafield>
  <datafield tag="100" ind1="1" ind2=" ">
    <subfield code="a">Grainger, Bill</subfield>
  </datafield>
  <datafield tag="670" ind1=" " ind2=" ">
    <subfield code="a">Energy for rural and island communities, III, 1984:</subfield>
    <subfield code="b">CIP t.p. (Bill Grainger, Energy Studies Unit &amp; Dept. of Applied Physics, Univ. of Strathclyde, Glasgow, Scotland)</subfield>
  </datafield>
</record>